<?xml version="1.0"?>
<zs:searchRetrieveResponse xmlns:zs="http://www.loc.gov/zing/srw/"><zs:version>1.1</zs:version><zs:numberOfRecords>1</zs:numberOfRecords><zs:records><zs:record><zs:recordSchema>marcxml</zs:recordSchema><zs:recordPacking>xml</zs:recordPacking><zs:recordData><record xmlns="http://www.loc.gov/MARC21/slim">
  <leader>02169cam a2200373 a 4500</leader>
  <controlfield tag="001">17211323</controlfield>
  <controlfield tag="005">20130129114750.0</controlfield>
  <controlfield tag="008">120315s2012    moua          000 0 eng d</controlfield>
  <datafield tag="906" ind1=" " ind2=" ">
    <subfield code="a">7</subfield>
    <subfield code="b">cbc</subfield>
    <subfield code="c">copycat</subfield>
    <subfield code="d">2</subfield>
    <subfield code="e">epcn</subfield>
    <subfield code="f">20</subfield>
    <subfield code="g">y-gencatlg</subfield>
  </datafield>
  <datafield tag="925" ind1="0" ind2=" ">
    <subfield code="a">Acquire</subfield>
    <subfield code="b">2 shelf copies</subfield>
    <subfield code="x">policy default</subfield>
  </datafield>
  <datafield tag="955" ind1=" " ind2=" ">
    <subfield code="a">pc12 2012-03-15</subfield>
    <subfield code="b">rg04 2013-01-09 z-processor</subfield>
    <subfield code="i">rg15 2013-01-28 (telework) to BCCD</subfield>
  </datafield>
  <datafield tag="010" ind1=" " ind2=" ">
    <subfield code="a">  2012935506</subfield>
  </datafield>
  <datafield tag="020" ind1=" " ind2=" ">
    <subfield code="a">9781449410247 (pbk.)</subfield>
  </datafield>
  <datafield tag="020" ind1=" " ind2=" ">
    <subfield code="a">1449410243 (pbk.)</subfield>
  </datafield>
  <datafield tag="035" ind1=" " ind2=" ">
    <subfield code="a">(OCoLC)ocn805987064</subfield>
  </datafield>
  <datafield tag="040" ind1=" " ind2=" ">
    <subfield code="a">UPZ</subfield>
    <subfield code="b">eng</subfield>
    <subfield code="c">UPZ</subfield>
    <subfield code="d">NYP</subfield>
    <subfield code="d">GO3</subfield>
    <subfield code="d">MR0</subfield>
    <subfield code="d">Y32</subfield>
    <subfield code="d">CGP</subfield>
    <subfield code="d">OCLCQ</subfield>
    <subfield code="d">DLC</subfield>
  </datafield>
  <datafield tag="042" ind1=" " ind2=" ">
    <subfield code="a">lccopycat</subfield>
  </datafield>
  <datafield tag="050" ind1="0" ind2="0">
    <subfield code="a">PN6231.C23</subfield>
    <subfield code="b">I56 2012</subfield>
  </datafield>
  <datafield tag="082" ind1="0" ind2="4">
    <subfield code="a">636.8/0207</subfield>
    <subfield code="2">23</subfield>
  </datafield>
  <datafield tag="100" ind1="1" ind2=" ">
    <subfield code="a">Inman, Matthew.</subfield>
  </datafield>
  <datafield tag="245" ind1="1" ind2="0">
    <subfield code="a">How to tell if your cat is plotting to kill you /</subfield>
    <subfield code="c">The Oatmeal ; [written and drawn by Matthew Inman].</subfield>
  </datafield>
  <datafield tag="246" ind1="1" ind2="4">
    <subfield code="a">Oatmeal :</subfield>
    <subfield code="b">How to tell if your cat is plotting to kill you</subfield>
  </datafield>
  <datafield tag="260" ind1=" " ind2=" ">
    <subfield code="a">Kansas City, Mo. :</subfield>
    <subfield code="b">Andrews McMeel Pub.,</subfield>
    <subfield code="c">c2012.</subfield>
  </datafield>
  <datafield tag="300" ind1=" " ind2=" ">
    <subfield code="a">130 p. :</subfield>
    <subfield code="b">chiefly ill. (chiefly col.) ;</subfield>
    <subfield code="c">23 cm. +</subfield>
    <subfield code="e">1 foldout poster.</subfield>
  </datafield>
  <datafield tag="336" ind1=" " ind2=" ">
    <subfield code="a">text</subfield>
    <subfield code="b">txt</subfield>
    <subfield code="2">rdacontent</subfield>
  </datafield>
  <datafield tag="336" ind1=" " ind2=" ">
    <subfield code="a">still image</subfield>
    <subfield code="2">rdacontent</subfield>
  </datafield>
  <datafield tag="337" ind1=" " ind2=" ">
    <subfield code="a">unmediated</subfield>
    <subfield code="b">n</subfield>
    <subfield code="2">rdamedia</subfield>
  </datafield>
  <datafield tag="338" ind1=" " ind2=" ">
    <subfield code="a">volume</subfield>
    <subfield code="b">nc</subfield>
    <subfield code="2">rdacarrier</subfield>
  </datafield>
  <datafield tag="500" ind1=" " ind2=" ">
    <subfield code="a">Fold-out poster bound into book.</subfield>
  </datafield>
  <datafield tag="520" ind1=" " ind2=" ">
    <subfield code="a">A hilarious, brilliant offering of cat comics, facts, and instructional guides from the creative wonderland at TheOatmeal.com.</subfield>
  </datafield>
  <datafield tag="505" ind1="0" ind2=" ">
    <subfield code="a">6 ways to tell if your cat thinks it's a mountain lion -- How you see your cat and how your cat sees you -- How to pet a kitty -- Gift ideas -- High speeds -- How to tell if your cat is plotting to kill you -- The Bobcats on Monday -- Tuesday -- Wednesday -- Thursday -- Friday -- Saturday -- Homeless man -- Direction of cars -- Things cats love -- Walking the dog vs walking the cat -- Proximity to a tuna sandwich -- Cat vs Internet -- The 3 ways of dealing with cat litter -- Imperial walker -- How to tell if your cat is a raging homosexual -- How kittens are plotting to take over the world -- If we treated our cats like they treat us -- Having a baby vs having a cat.</subfield>
  </datafield>
  <datafield tag="650" ind1=" " ind2="0">
    <subfield code="a">Cats</subfield>
    <subfield code="v">Humor.</subfield>
  </datafield>
  <datafield tag="655" ind1=" " ind2="7">
    <subfield code="a">Comic books, strips, etc.</subfield>
    <subfield code="2">gsafd</subfield>
  </datafield>
  <datafield tag="710" ind1="2" ind2=" ">
    <subfield code="a">TheOatmeal.com (Firm)</subfield>
  </datafield>
</record></zs:recordData><zs:recordPosition>1</zs:recordPosition></zs:record></zs:records></zs:searchRetrieveResponse>
